%% This BibTeX bibliography file was created using BibDesk.
%% https://bibdesk.sourceforge.io/

%% Created for Mattia Sotgia at 2022-08-19 10:10:39 +0200 


%% Saved with string encoding Unicode (UTF-8) 

@software{kontrol,
  author = {Terrence Tak Lun Tsan},
  title = {Kontrol},
  year = {2020},
  publisher = {GitHub},
  journal = {GitHub repository},
  howpublished = {\url{https://kontrol.readthedocs.io/}},
  commit = {5f928d2eb04f73d80b5a0d130b767bd9967dde9c}
}

@article{gwpy,
    title = "{GWpy: A Python package for gravitational-wave astrophysics}",
   author = {{Macleod}, D.~M. and {Areeda}, J.~S. and {Coughlin}, S.~B. and {Massinger}, T.~J. and {Urban}, A.~L.},
  journal = {SoftwareX},
   volume = 13,
    pages = 100657,
     year = 2021,
     issn = {2352-7110},
      doi = {10.1016/j.softx.2021.100657},
      url = {https://www.sciencedirect.com/science/article/pii/S2352711021000029},
}

@ARTICLE{2020SciPy-NMeth,
  author  = {Virtanen, Pauli and Gommers, Ralf and Oliphant, Travis E. and
            Haberland, Matt and Reddy, Tyler and Cournapeau, David and
            Burovski, Evgeni and Peterson, Pearu and Weckesser, Warren and
            Bright, Jonathan and {van der Walt}, St{\'e}fan J. and
            Brett, Matthew and Wilson, Joshua and Millman, K. Jarrod and
            Mayorov, Nikolay and Nelson, Andrew R. J. and Jones, Eric and
            Kern, Robert and Larson, Eric and Carey, C J and
            Polat, {\.I}lhan and Feng, Yu and Moore, Eric W. and
            {VanderPlas}, Jake and Laxalde, Denis and Perktold, Josef and
            Cimrman, Robert and Henriksen, Ian and Quintero, E. A. and
            Harris, Charles R. and Archibald, Anne M. and
            Ribeiro, Ant{\^o}nio H. and Pedregosa, Fabian and
            {van Mulbregt}, Paul and {SciPy 1.0 Contributors}},
  title   = {{{SciPy} 1.0: Fundamental Algorithms for Scientific
            Computing in Python}},
  journal = {Nature Methods},
  year    = {2020},
  volume  = {17},
  pages   = {261--272},
  adsurl  = {https://rdcu.be/b08Wh},
  doi     = {10.1038/s41592-019-0686-2},
}

@software{pythoncontrol,
  author = {},
  title = {Control Systems Library for Python},
  year = {2017},
  publisher = {GitHub},
  journal = {GitHub repository},
  howpublished = {\url{http://github.com/python-control/python-control}},
  commit = {4b0101cf00a413013f1805d8a331b26e3c96e211}
}
